<?xml version="1.0" encoding="UTF-8"?>
<record>
   <leader>00000nam 2200205K 4500</leader>
   <controlfield tag="001">990222228530306576</controlfield>
   <controlfield tag="005">20060821112129.0</controlfield>
   <controlfield tag="008">900508s1661 it a 000|0 ita d</controlfield>
   <datafield tag="035" ind1=" " ind2=" ">
      <subfield code="a">(aleph)022222853UXU01</subfield>
   </datafield>
   <datafield tag="035" ind1=" " ind2=" ">
      <subfield code="a">(OCoLC)21492114</subfield>
   </datafield>
   <datafield tag="035" ind1=" " ind2=" ">
      <subfield code="a">(EXLNZ-01FALSC_NETWORK)9910932674406561</subfield>
   </datafield>
   <datafield tag="035" ind1=" " ind2=" ">
      <subfield code="a">(01FALSC_FSU)990222228530306576</subfield>
   </datafield>
   <datafield tag="040" ind1=" " ind2=" ">
      <subfield code="a">FDA</subfield>
      <subfield code="c">FDA</subfield>
   </datafield>
   <datafield tag="090" ind1=" " ind2=" ">
      <subfield code="a">PQ4621.C8</subfield>
      <subfield code="b">A6 1661</subfield>
   </datafield>
   <datafield tag="100" ind1="1" ind2=" ">
      <subfield code="a">Croce, Giulio Cesare,</subfield>
      <subfield code="d">1550-1609.</subfield>
   </datafield>
   <datafield tag="245" ind1="1" ind2="0">
      <subfield code="a">Astvtie sottilissime di Bertoldo. :</subfield>
      <subfield code="b">Dove si scorge un villano accorto e sagace, il quale dopo varii, e
                strani accidenti a lui intervenuti; alla fine per il suo raro &amp; acuto ingegno
                vien huomo di Cotte, e Regio Consigliero.</subfield>
   </datafield>
   <datafield tag="246" ind1="3" ind2=" ">
      <subfield code="a">Astutie sottilissime di Bertoldo</subfield>
   </datafield>
   <datafield tag="246" ind1="3" ind2="0">
      <subfield code="a">Bertoldo</subfield>
   </datafield>
   <datafield tag="260" ind1=" " ind2=" ">
      <subfield code="a">Roma :</subfield>
      <subfield code="b">Per l'Herede del Mancini,</subfield>
      <subfield code="c">1661.</subfield>
   </datafield>
   <datafield tag="300" ind1=" " ind2=" ">
      <subfield code="a">96 p. :</subfield>
      <subfield code="b">ill. ;</subfield>
      <subfield code="c">13 cm.</subfield>
   </datafield>
   <datafield tag="500" ind1=" " ind2=" ">
      <subfield code="a">With Le piacevoli e ridicolose semplicita di Bertoldino / Giulio
                Cesare Croce. Roma : Mascardi, 1663.</subfield>
      <subfield code="5">FTaSU</subfield>
   </datafield>
   <datafield tag="998" ind1=" " ind2=" ">
      <subfield code="a">022222853</subfield>
      <subfield code="9">LOCAL</subfield>
   </datafield>
   <datafield tag="774" ind1="0" ind2="8">
      <subfield code="t">Le piacevoli e ridicolose semplicità di Bertoldino figliuolo del già astuto &amp; accorto Bertoldo, con le sottili &amp; argute sentenze della Marcolfa sua madre e moglie del già detto Bertoldo</subfield>
      <subfield code="w">990278581600306576</subfield>
      <subfield code="g">no : 31254040035673</subfield>
      <subfield code="9">unrelated</subfield>
      <subfield code="9">local</subfield>
   </datafield>
</record>