
<record>
   <leader>01435cam 2200301Ia 4500</leader>
   <controlfield tag="001">990237925930306576</controlfield>
   <controlfield tag="005">20220124142149.0</controlfield>
   <controlfield tag="008">850104s1812 pau 000 0 eng d</controlfield>
   <datafield tag="035" ind1=" " ind2=" ">
      <subfield code="a">(aleph)023792593UXU01</subfield>
   </datafield>
   <datafield tag="035" ind1=" " ind2=" ">
      <subfield code="a">(OCoLC)11545280</subfield>
   </datafield>
   <datafield tag="035" ind1=" " ind2=" ">
      <subfield code="a">(EXLNZ-01FALSC_NETWORK)9910894274806561</subfield>
   </datafield>
   <datafield tag="035" ind1=" " ind2=" ">
      <subfield code="a">(01FALSC_FSU)990237925930306576</subfield>
   </datafield>
   <datafield tag="040" ind1=" " ind2=" ">
      <subfield code="a">TYC</subfield>
      <subfield code="b">eng</subfield>
      <subfield code="c">TYC</subfield>
      <subfield code="d">OCLCG</subfield>
      <subfield code="d">OCLCQ</subfield>
      <subfield code="d">OCLCO</subfield>
      <subfield code="d">OCLCA</subfield>
      <subfield code="d">OCLCF</subfield>
      <subfield code="d">FDA</subfield>
   </datafield>
   <datafield tag="049" ind1=" " ind2=" ">
      <subfield code="a">FDAA</subfield>
   </datafield>
   <datafield tag="090" ind1=" " ind2=" ">
      <subfield code="a">BS1440</subfield>
      <subfield code="b">.W3 1812c</subfield>
   </datafield>
   <datafield tag="100" ind1="1" ind2=" ">
      <subfield code="a">Watts, Isaac,</subfield>
      <subfield code="d">1674-1748,</subfield>
      <subfield code="e">author.</subfield>
   </datafield>
   <datafield tag="245" ind1="1" ind2="0">
      <subfield code="a">Psalms carefully suited to the Christian worship in the United States
                of America :</subfield>
      <subfield code="b">being an improvement of the old version of the Psalms of
                David.</subfield>
   </datafield>
   <datafield tag="250" ind1=" " ind2=" ">
      <subfield code="a">Woodward's 5th corr. ed.</subfield>
   </datafield>
   <datafield tag="264" ind1=" " ind2="1">
      <subfield code="a">Philadelphia :</subfield>
      <subfield code="b">Printed for and sold by W.W. Woodward,</subfield>
      <subfield code="c">1812.</subfield>
   </datafield>
   <datafield tag="264" ind1=" " ind2="3">
      <subfield code="a">([Philadelphia] :</subfield>
      <subfield code="b">A. Dickinson)</subfield>
   </datafield>
   <datafield tag="300" ind1=" " ind2=" ">
      <subfield code="a">[2], 340 pages ;</subfield>
      <subfield code="c">12 cm</subfield>
   </datafield>
   <datafield tag="336" ind1=" " ind2=" ">
      <subfield code="a">text</subfield>
      <subfield code="b">txt</subfield>
      <subfield code="2">rdacontent</subfield>
   </datafield>
   <datafield tag="337" ind1=" " ind2=" ">
      <subfield code="a">unmediated</subfield>
      <subfield code="b">n</subfield>
      <subfield code="2">rdamedia</subfield>
   </datafield>
   <datafield tag="338" ind1=" " ind2=" ">
      <subfield code="a">volume</subfield>
      <subfield code="b">nc</subfield>
      <subfield code="2">rdacarrier</subfield>
   </datafield>
   <datafield tag="501" ind1=" " ind2=" ">
      <subfield code="a">With Hymns and spiritual songs / I. Watts. Philadelphia : W.W.
                Woodward, 1812.</subfield>
   </datafield>
   <datafield tag="630" ind1="0" ind2="0">
      <subfield code="a">Bible.</subfield>
      <subfield code="p">Psalms</subfield>
      <subfield code="v">Paraphrases, English.</subfield>
   </datafield>
   <datafield tag="630" ind1="0" ind2="7">
      <subfield code="a">Bible.</subfield>
      <subfield code="p">Psalms</subfield>
      <subfield code="2">fast</subfield>
      <subfield code="0">(OCoLC)fst01808097</subfield>
   </datafield>
   <datafield tag="655" ind1=" " ind2="7">
      <subfield code="a">Paraphrases.</subfield>
      <subfield code="2">fast</subfield>
      <subfield code="0">(OCoLC)fst01423839</subfield>
   </datafield>
   <datafield tag="776" ind1="0" ind2="8">
      <subfield code="i">Online version:</subfield>
      <subfield code="a">Watts, Isaac, 1674-1748,</subfield>
      <subfield code="t">Psalms carefully suited to the Christian worship in the United States
                of America.</subfield>
      <subfield code="b">Woodward's fifth corrected edition</subfield>
      <subfield code="w">(OCoLC)1293238093</subfield>
   </datafield>
   <datafield tag="856" ind1="4" ind2="1">
      <subfield code="3">DigiNole</subfield>
      <subfield code="u">https://purl.lib.fsu.edu/diginole/FSU_BS1440W31812</subfield>
      <subfield code="y">Connect to online content:</subfield>
   </datafield>
   <datafield tag="932" ind1="2" ind2=" ">
      <subfield code="a">John MacKay Shaw Childhood in Poetry Collection (Florida State
                University).</subfield>
      <subfield code="9">LOCAL</subfield>
   </datafield>
   <datafield tag="998" ind1=" " ind2=" ">
      <subfield code="a">023792593</subfield>
      <subfield code="9">local</subfield>
   </datafield>
   <datafield tag="774" ind1="0" ind2="8">
      <subfield code="t">Hymns and spiritual songs</subfield>
      <subfield code="w">990239329580306576</subfield>
      <subfield code="g">no : 31254029098114</subfield>
      <subfield code="9">unrelated</subfield>
      <subfield code="9">local</subfield>
   </datafield>
</record>