
<record>
   <leader>00000nam 2200217 a 4500</leader>
   <controlfield tag="001">990237968400306576</controlfield>
   <controlfield tag="008">961220s1817 nyu 000|0 eng d</controlfield>
   <datafield tag="035" ind1=" " ind2=" ">
      <subfield code="a">(aleph)023796840UXU01</subfield>
   </datafield>
   <datafield tag="035" ind1=" " ind2=" ">
      <subfield code="a">(OCoLC)36131150</subfield>
   </datafield>
   <datafield tag="035" ind1=" " ind2=" ">
      <subfield code="a">(EXLNZ-01FALSC_NETWORK)9910894201906561</subfield>
   </datafield>
   <datafield tag="035" ind1=" " ind2=" ">
      <subfield code="a">(01FALSC_FSU)990237968400306576</subfield>
   </datafield>
   <datafield tag="040" ind1=" " ind2=" ">
      <subfield code="a">FDA</subfield>
      <subfield code="c">FDA</subfield>
   </datafield>
   <datafield tag="090" ind1=" " ind2=" ">
      <subfield code="a">BX5943</subfield>
      <subfield code="b">.A1 1817</subfield>
   </datafield>
   <datafield tag="130" ind1="0" ind2=" ">
      <subfield code="a">Bible.</subfield>
      <subfield code="p">O.T.</subfield>
      <subfield code="p">Psalms.</subfield>
      <subfield code="l">English.</subfield>
      <subfield code="k">Paraphrases.</subfield>
      <subfield code="f">1817.</subfield>
   </datafield>
   <datafield tag="245" ind1="1" ind2="4">
      <subfield code="a">The whole book of Psalms, in metre, with hymns :</subfield>
      <subfield code="b">suited to the feasts and fasts of the church, and other occasions of
                public worship.</subfield>
   </datafield>
   <datafield tag="250" ind1=" " ind2=" ">
      <subfield code="a">Stereotype ed.</subfield>
   </datafield>
   <datafield tag="260" ind1=" " ind2=" ">
      <subfield code="a">New-York :</subfield>
      <subfield code="b">W.B. Gilley,</subfield>
      <subfield code="c">1817.</subfield>
      <subfield code="e">(New-York : Stereotyped by B. &amp; J. Collins)</subfield>
   </datafield>
   <datafield tag="300" ind1=" " ind2=" ">
      <subfield code="a">96 p. ;</subfield>
      <subfield code="c">12 cm.</subfield>
   </datafield>
   <datafield tag="501" ind1=" " ind2=" ">
      <subfield code="a">With: Episcopal Church. The book of common prayer. New York : W.B.
                Gilley, 1817.</subfield>
      <subfield code="5">FTaSU</subfield>
   </datafield>
   <datafield tag="610" ind1="2" ind2="0">
      <subfield code="a">Episcopal Church</subfield>
      <subfield code="v">Hymns.</subfield>
   </datafield>
   <datafield tag="932" ind1="2" ind2=" ">
      <subfield code="a">John MacKay Shaw Childhood in Poetry Collection (Florida State
                University).</subfield>
      <subfield code="9">LOCAL</subfield>
   </datafield>
   <datafield tag="998" ind1=" " ind2=" ">
      <subfield code="a">023796840</subfield>
      <subfield code="9">LOCAL</subfield>
   </datafield>
   <datafield tag="773" ind1="0" ind2=" ">
      <subfield code="t">The book of common prayer</subfield>
      <subfield code="w">990237933230306576</subfield>
      <subfield code="g">no : 31254019931431</subfield>
      <subfield code="9">unrelated</subfield>
      <subfield code="9">local</subfield>
   </datafield>
</record>