
<record>
   <leader>00000nam 2200253 a 4500</leader>
   <controlfield tag="001">990238864160306576</controlfield>
   <controlfield tag="005">20090504162832.0</controlfield>
   <controlfield tag="008">910415s1811 sp 000|0 spa d</controlfield>
   <datafield tag="035" ind1=" " ind2=" ">
      <subfield code="a">(aleph)023886416UXU01</subfield>
   </datafield>
   <datafield tag="035" ind1=" " ind2=" ">
      <subfield code="a">(OCoLC)24785107</subfield>
   </datafield>
   <datafield tag="035" ind1=" " ind2=" ">
      <subfield code="a">(EXLNZ-01FALSC_NETWORK)9910928665206561</subfield>
   </datafield>
   <datafield tag="035" ind1=" " ind2=" ">
      <subfield code="a">(01FALSC_FSU)990238864160306576</subfield>
   </datafield>
   <datafield tag="040" ind1=" " ind2=" ">
      <subfield code="a">FDA</subfield>
      <subfield code="c">FDA</subfield>
   </datafield>
   <datafield tag="043" ind1=" " ind2=" ">
      <subfield code="a">spa------</subfield>
   </datafield>
   <datafield tag="090" ind1=" " ind2=" ">
      <subfield code="a">DP204</subfield>
      <subfield code="b">.G84 1811.</subfield>
   </datafield>
   <datafield tag="245" ind1="0" ind2="0">
      <subfield code="a">Guia patriótica de España para el año de 1811 :</subfield>
      <subfield code="b">que comprehende los principales artículos de las de forasteros,
                guerra, marina, hacienda y comercio.</subfield>
   </datafield>
   <datafield tag="260" ind1=" " ind2=" ">
      <subfield code="a">Real Isla de Leon :</subfield>
      <subfield code="b">En la Imprenta de D. Miguel Segovia, Impresor de la Real
                Marina,</subfield>
      <subfield code="c">1811.</subfield>
   </datafield>
   <datafield tag="300" ind1=" " ind2=" ">
      <subfield code="a">xiii, [3], 214 p. ;</subfield>
      <subfield code="c">14 cm.</subfield>
   </datafield>
   <datafield tag="500" ind1=" " ind2=" ">
      <subfield code="a">Bound with: Guia de Cadiz para el año de 1811.</subfield>
      <subfield code="5">FTaSU</subfield>
   </datafield>
   <datafield tag="500" ind1=" " ind2=" ">
      <subfield code="a">Listings of names of rulers and officials of Spain, 1811.</subfield>
      <subfield code="5">FTaSU</subfield>
   </datafield>
   <datafield tag="500" ind1=" " ind2=" ">
      <subfield code="a">Two handwritten pages inserted: Regimientos actuales de Catalunia,
                and a list of military officers of different cities of Spain.</subfield>
      <subfield code="5">FTaSU</subfield>
   </datafield>
   <datafield tag="500" ind1=" " ind2=" ">
      <subfield code="a">Bound in brown marbled leather, spine embossed in gold
                decorations.</subfield>
      <subfield code="5">FTaSU</subfield>
   </datafield>
   <datafield tag="651" ind1=" " ind2="0">
      <subfield code="a">Spain</subfield>
      <subfield code="x">Politics and government</subfield>
      <subfield code="y">1808-1814</subfield>
      <subfield code="x">Sources.</subfield>
   </datafield>
   <datafield tag="651" ind1=" " ind2="0">
      <subfield code="a">Spain</subfield>
      <subfield code="x">History</subfield>
      <subfield code="y">19th century</subfield>
      <subfield code="x">Sources.</subfield>
   </datafield>
   <datafield tag="610" ind1="1" ind2="0">
      <subfield code="a">Spain.</subfield>
      <subfield code="b">Cortes (1910-1813)</subfield>
   </datafield>
   <datafield tag="998" ind1=" " ind2=" ">
      <subfield code="a">023886416</subfield>
      <subfield code="9">LOCAL</subfield>
   </datafield>
   <datafield tag="774" ind1="0" ind2="8">
      <subfield code="t">Guia de Cadiz para el año de 1811</subfield>
      <subfield code="w">990269911690306576</subfield>
      <subfield code="g">no : 31254803017553</subfield>
      <subfield code="9">unrelated</subfield>
      <subfield code="9">local</subfield>
   </datafield>
</record>