
<record>
   <leader>00000nam 2200229Ia 4500</leader>
   <controlfield tag="001">990239329580306576</controlfield>
   <controlfield tag="008">850104s1812 pau 000|0 eng d</controlfield>
   <datafield tag="035" ind1=" " ind2=" ">
      <subfield code="a">(aleph)023932958UXU01</subfield>
   </datafield>
   <datafield tag="035" ind1=" " ind2=" ">
      <subfield code="a">(OCoLC)11545338</subfield>
   </datafield>
   <datafield tag="035" ind1=" " ind2=" ">
      <subfield code="a">(EXLNZ-01FALSC_NETWORK)9910628081606561</subfield>
   </datafield>
   <datafield tag="035" ind1=" " ind2=" ">
      <subfield code="a">(01FALSC_FSU)990239329580306576</subfield>
   </datafield>
   <datafield tag="040" ind1=" " ind2=" ">
      <subfield code="a">TYC</subfield>
      <subfield code="c">TYC</subfield>
   </datafield>
   <datafield tag="090" ind1=" " ind2=" ">
      <subfield code="a">BS1440</subfield>
      <subfield code="b">.W3 1812</subfield>
   </datafield>
   <datafield tag="100" ind1="1" ind2=" ">
      <subfield code="a">Watts, Isaac,</subfield>
      <subfield code="d">1674-1748.</subfield>
   </datafield>
   <datafield tag="245" ind1="1" ind2="0">
      <subfield code="a">Hymns and spiritual songs :</subfield>
      <subfield code="b">in three books I. Collected from the scriptures. II. Composed on
                divine subjects. III. Prepared for the Lord's Supper /</subfield>
      <subfield code="c">by I. Watts.</subfield>
   </datafield>
   <datafield tag="250" ind1=" " ind2=" ">
      <subfield code="a">5th corr. ed.</subfield>
   </datafield>
   <datafield tag="260" ind1=" " ind2=" ">
      <subfield code="a">Philadelphia :</subfield>
      <subfield code="b">Printed for and sold by W.W. Woodward,</subfield>
      <subfield code="c">1812</subfield>
      <subfield code="e">([Philadelphia]</subfield>
      <subfield code="f">A. Dickinson)</subfield>
   </datafield>
   <datafield tag="300" ind1=" " ind2=" ">
      <subfield code="a">319 p., [5] p. ;</subfield>
      <subfield code="c">12 cm.</subfield>
   </datafield>
   <datafield tag="501" ind1=" " ind2=" ">
      <subfield code="a">With: Psalms carefully suited to the Christian worship in the United
                States of America. [Philadelphia : W.W. Woodward, 1812].</subfield>
      <subfield code="5">FTaSU</subfield>
   </datafield>
   <datafield tag="650" ind1=" " ind2="0">
      <subfield code="a">Hymns, English.</subfield>
   </datafield>
   <datafield tag="932" ind1="2" ind2=" ">
      <subfield code="a">John MacKay Shaw Childhood in Poetry Collection (Florida State
                University).</subfield>
      <subfield code="9">LOCAL</subfield>
   </datafield>
   <datafield tag="998" ind1=" " ind2=" ">
      <subfield code="a">023932958</subfield>
      <subfield code="9">LOCAL</subfield>
   </datafield>
   <datafield tag="773" ind1="0" ind2=" ">
      <subfield code="t">Psalms carefully suited to the Christian worship in the United States of America</subfield>
      <subfield code="w">990237925930306576</subfield>
      <subfield code="g">no : 31254029098114</subfield>
      <subfield code="9">unrelated</subfield>
      <subfield code="9">local</subfield>
   </datafield>
</record>