
<record>
   <leader>00000nam 2200217I 4500</leader>
   <controlfield tag="001">990251429200306576</controlfield>
   <controlfield tag="005">20050808111351.0</controlfield>
   <controlfield tag="008">770419s1793 fr 000|0 frex </controlfield>
   <datafield tag="010" ind1=" " ind2=" ">
      <subfield code="a"> 21020012</subfield>
   </datafield>
   <datafield tag="035" ind1=" " ind2=" ">
      <subfield code="a">(aleph)025142920UXU01</subfield>
   </datafield>
   <datafield tag="035" ind1=" " ind2=" ">
      <subfield code="a">(OCoLC)02901690</subfield>
   </datafield>
   <datafield tag="035" ind1=" " ind2=" ">
      <subfield code="a">(EXLNZ-01FALSC_NETWORK)9910666896106561</subfield>
   </datafield>
   <datafield tag="035" ind1=" " ind2=" ">
      <subfield code="a">(01FALSC_FSU)990251429200306576</subfield>
   </datafield>
   <datafield tag="040" ind1=" " ind2=" ">
      <subfield code="a">DLC</subfield>
      <subfield code="c">YHM</subfield>
      <subfield code="d">YHM</subfield>
   </datafield>
   <datafield tag="043" ind1=" " ind2=" ">
      <subfield code="a">e-fr---</subfield>
   </datafield>
   <datafield tag="050" ind1="0" ind2=" ">
      <subfield code="a">M1730</subfield>
      <subfield code="b">.C315</subfield>
   </datafield>
   <datafield tag="245" ind1="0" ind2="3">
      <subfield code="a">Le chansonnier patriote, ou Recueil de chansons, vaudevilles et
                pots-pourris patriotiques /</subfield>
      <subfield code="c">par différens auteurs.</subfield>
   </datafield>
   <datafield tag="260" ind1=" " ind2=" ">
      <subfield code="a">Paris :</subfield>
      <subfield code="b">Garnéry,</subfield>
      <subfield code="c">[1793].</subfield>
   </datafield>
   <datafield tag="300" ind1=" " ind2=" ">
      <subfield code="a">168, [3] p. :</subfield>
      <subfield code="b">front. ;</subfield>
      <subfield code="c">14 cm.</subfield>
   </datafield>
   <datafield tag="500" ind1=" " ind2=" ">
      <subfield code="a">With: Manuel du Garde national, et de tous ceux qui se destinent à
                l'art militaire. Paris : Lepetit, 1792.</subfield>
      <subfield code="5">FTaSU</subfield>
   </datafield>
   <datafield tag="650" ind1=" " ind2="0">
      <subfield code="a">National songs, French.</subfield>
   </datafield>
   <datafield tag="651" ind1=" " ind2="0">
      <subfield code="a">France</subfield>
      <subfield code="x">History</subfield>
      <subfield code="y">Revolution, 1789-1799</subfield>
      <subfield code="x">Poetry.</subfield>
   </datafield>
   <datafield tag="998" ind1=" " ind2=" ">
      <subfield code="a">025142920</subfield>
      <subfield code="9">LOCAL</subfield>
   </datafield>
   <datafield tag="774" ind1="0" ind2="8">
      <subfield code="t">Manuel du Garde national, et de tous ceux qui se destinent à l'art militaire</subfield>
      <subfield code="w">990267293750306576</subfield>
      <subfield code="g">no : 31254026400198</subfield>
      <subfield code="9">unrelated</subfield>
      <subfield code="9">local</subfield>
   </datafield>
</record>