
<record>
   <leader>01165nam 2200217Ia 4500</leader>
   <controlfield tag="001">990267293750306576</controlfield>
   <controlfield tag="005">20221024170742.0</controlfield>
   <controlfield tag="008">050808s1792 fr 000 0 fre d</controlfield>
   <datafield tag="035" ind1=" " ind2=" ">
      <subfield code="a">(aleph)026729375UXU01</subfield>
   </datafield>
   <datafield tag="035" ind1=" " ind2=" ">
      <subfield code="a">(OCoLC)61225178</subfield>
   </datafield>
   <datafield tag="035" ind1=" " ind2=" ">
      <subfield code="a">(EXLNZ-01FALSC_NETWORK)9910832923906561</subfield>
   </datafield>
   <datafield tag="035" ind1=" " ind2=" ">
      <subfield code="a">(01FALSC_FSU)990267293750306576</subfield>
   </datafield>
   <datafield tag="040" ind1=" " ind2=" ">
      <subfield code="a">FDA</subfield>
      <subfield code="c">FDA</subfield>
   </datafield>
   <datafield tag="043" ind1=" " ind2=" ">
      <subfield code="a">e-fr---</subfield>
   </datafield>
   <datafield tag="245" ind1="0" ind2="0">
      <subfield code="a">Manuel du Garde national, et de tous ceux qui se destinent à l'art
                militaire :</subfield>
      <subfield code="b">ou Catéchisme militaire ...</subfield>
   </datafield>
   <datafield tag="246" ind1="3" ind2="0">
      <subfield code="a">Catéchisme militaire</subfield>
   </datafield>
   <datafield tag="250" ind1=" " ind2=" ">
      <subfield code="a">5e éd., considérablement augmentée, et corrigée d'après l'instruction
                des Gardes nationales ...</subfield>
   </datafield>
   <datafield tag="260" ind1=" " ind2=" ">
      <subfield code="a">Paris :</subfield>
      <subfield code="b">Lepetit,</subfield>
      <subfield code="c">1792.</subfield>
   </datafield>
   <datafield tag="300" ind1=" " ind2=" ">
      <subfield code="a">84 p., [4] folded leaves of plates :</subfield>
      <subfield code="b">ill. ;</subfield>
      <subfield code="c">14 cm.</subfield>
   </datafield>
   <datafield tag="500" ind1=" " ind2=" ">
      <subfield code="a">"Avec quatre planches qui représentent toutes les pièces d'un fusil,
                la charge en 12 temps, toutes les positions du Garde, et une compagnie de Gardes
                nationales rangées en bataille, avec la place qui doivent occuper les officiers et
                sous-officiers, etc. etc."</subfield>
   </datafield>
   <datafield tag="500" ind1=" " ind2=" ">
      <subfield code="a">With: Le chansonnier patriote, ou Recueil de chansons, vaudevilles et
                pots-pourris patriotiques. Paris : Garnéry, [1793]</subfield>
   </datafield>
   <datafield tag="610" ind1="1" ind2="0">
      <subfield code="a">France.</subfield>
      <subfield code="b">Armée.</subfield>
      <subfield code="b">Garde nationale.</subfield>
   </datafield>
   <datafield tag="650" ind1=" " ind2="0">
      <subfield code="a">Military art and science</subfield>
      <subfield code="z">France.</subfield>
   </datafield>
   <datafield tag="998" ind1=" " ind2=" ">
      <subfield code="a">026729375</subfield>
      <subfield code="9">LOCAL</subfield>
   </datafield>
   <datafield tag="773" ind1="0" ind2=" ">
      <subfield code="t">Le chansonnier patriote, ou Recueil de chansons, vaudevilles et pots-pourris patriotiques</subfield>
      <subfield code="w">990251429200306576</subfield>
      <subfield code="g">no : 31254026400198</subfield>
      <subfield code="9">unrelated</subfield>
      <subfield code="9">local</subfield>
   </datafield>
</record>