
<record>
   <leader>00000cam 2200241Ia 4500</leader>
   <controlfield tag="001">990268614280306576</controlfield>
   <controlfield tag="008">840322r18081804mau j 000|0 eng d</controlfield>
   <datafield tag="035" ind1=" " ind2=" ">
      <subfield code="a">(aleph)026861428UXU01</subfield>
   </datafield>
   <datafield tag="035" ind1=" " ind2=" ">
      <subfield code="a">(OCoLC)24435555</subfield>
   </datafield>
   <datafield tag="035" ind1=" " ind2=" ">
      <subfield code="a">(EXLNZ-01FALSC_NETWORK)9910496850706561</subfield>
   </datafield>
   <datafield tag="035" ind1=" " ind2=" ">
      <subfield code="a">(01FALSC_FSU)990268614280306576</subfield>
   </datafield>
   <datafield tag="040" ind1=" " ind2=" ">
      <subfield code="a">FDA</subfield>
      <subfield code="c">FDA</subfield>
   </datafield>
   <datafield tag="090" ind1=" " ind2=" ">
      <subfield code="a">PR4712.G6</subfield>
      <subfield code="b">O7 1808b</subfield>
   </datafield>
   <datafield tag="090" ind1=" " ind2=" ">
      <subfield code="a">PR4712</subfield>
      <subfield code="b">G372o, 1808</subfield>
   </datafield>
   <datafield tag="100" ind1="1" ind2=" ">
      <subfield code="a">Taylor, Jane,</subfield>
      <subfield code="d">1783-1824.</subfield>
   </datafield>
   <datafield tag="245" ind1="1" ind2="0">
      <subfield code="a">Original poems, for infant minds /</subfield>
      <subfield code="c">by several young persons.</subfield>
   </datafield>
   <datafield tag="260" ind1=" " ind2=" ">
      <subfield code="a">Boston :</subfield>
      <subfield code="b">Printed by E.G. House :</subfield>
      <subfield code="b">Sold by John West and co., and Munroe Francis and Parker, also by
                O.C. Greenleaf,</subfield>
      <subfield code="c">1808.</subfield>
   </datafield>
   <datafield tag="300" ind1=" " ind2=" ">
      <subfield code="a">180 p. ;</subfield>
      <subfield code="c">15 cm.</subfield>
   </datafield>
   <datafield tag="500" ind1=" " ind2=" ">
      <subfield code="a">Without music.</subfield>
      <subfield code="5">FU</subfield>
   </datafield>
   <datafield tag="500" ind1=" " ind2=" ">
      <subfield code="a">Error in pagination; p. 75 misprinted p. 57.</subfield>
      <subfield code="5">FU</subfield>
   </datafield>
   <datafield tag="500" ind1=" " ind2=" ">
      <subfield code="a">First published: 1804-1805.</subfield>
      <subfield code="5">FTaSU</subfield>
   </datafield>
   <datafield tag="500" ind1=" " ind2=" ">
      <subfield code="a">Chiefly by Ann and Jane Taylor; includes poems by Adelaide
                O'Keeffe.</subfield>
      <subfield code="5">FTaSU</subfield>
      <subfield code="5">FU</subfield>
   </datafield>
   <datafield tag="510" ind1="4" ind2=" ">
      <subfield code="a">Welch, D. A., Amer. children's books,</subfield>
      <subfield code="c">444.3</subfield>
   </datafield>
   <datafield tag="510" ind1="4" ind2=" ">
      <subfield code="a">Stewart, C.D. Taylors of Ongar,</subfield>
      <subfield code="c">A1yy</subfield>
   </datafield>
   <datafield tag="650" ind1=" " ind2="0">
      <subfield code="a">Children's poetry, English.</subfield>
   </datafield>
   <datafield tag="655" ind1=" " ind2="7">
      <subfield code="a">Hymns</subfield>
      <subfield code="y">1808.</subfield>
   </datafield>
   <datafield tag="700" ind1="1" ind2=" ">
      <subfield code="a">Greenleaf, Oliver Cromwell,</subfield>
      <subfield code="d">1777?-1843.</subfield>
      <subfield code="4">bsl</subfield>
   </datafield>
   <datafield tag="700" ind1="1" ind2=" ">
      <subfield code="a">West, David,</subfield>
      <subfield code="d">1765-1810.</subfield>
      <subfield code="4">bsl</subfield>
   </datafield>
   <datafield tag="700" ind1="1" ind2=" ">
      <subfield code="a">House, E. G.</subfield>
      <subfield code="q">(Eleazer G.),</subfield>
      <subfield code="d">1780?-1849.</subfield>
      <subfield code="4">prt</subfield>
   </datafield>
   <datafield tag="700" ind1="1" ind2=" ">
      <subfield code="a">O'Keeffe,</subfield>
      <subfield code="c">Miss</subfield>
      <subfield code="q">(Adelaide),</subfield>
      <subfield code="d">1776-1855?</subfield>
   </datafield>
   <datafield tag="700" ind1="1" ind2=" ">
      <subfield code="a">Taylor, Ann,</subfield>
      <subfield code="d">1782-1866.</subfield>
   </datafield>
   <datafield tag="710" ind1="2" ind2=" ">
      <subfield code="a">John West and Co. 4 bsl</subfield>
   </datafield>
   <datafield tag="710" ind1="2" ind2=" ">
      <subfield code="a">Munroe, Francis &amp; Parker.</subfield>
      <subfield code="4">bsl</subfield>
   </datafield>
   <datafield tag="752" ind1=" " ind2=" ">
      <subfield code="a">United States</subfield>
      <subfield code="b">Massachusetts</subfield>
      <subfield code="d">Boston.</subfield>
   </datafield>
   <datafield tag="932" ind1="2" ind2=" ">
      <subfield code="a">John MacKay Shaw Childhood in Poetry Collection (Florida State
                University).</subfield>
      <subfield code="9">LOCAL</subfield>
   </datafield>
   <datafield tag="998" ind1=" " ind2=" ">
      <subfield code="a">026861428</subfield>
      <subfield code="9">LOCAL</subfield>
   </datafield>
   <datafield tag="774" ind1="0" ind2="8">
      <subfield code="t">Original poems for infant minds</subfield>
      <subfield code="w">990268631540306576</subfield>
      <subfield code="g">no : 31254010832851</subfield>
      <subfield code="9">unrelated</subfield>
      <subfield code="9">local</subfield>
   </datafield>
</record>