
<record>
   <leader>00000nam 2200253 a 4500</leader>
   <controlfield tag="001">990269911690306576</controlfield>
   <controlfield tag="005">20090504162521.0</controlfield>
   <controlfield tag="008">911107s1811 sp 000|0 spa d</controlfield>
   <datafield tag="035" ind1=" " ind2=" ">
      <subfield code="a">(aleph)026991169UXU01</subfield>
   </datafield>
   <datafield tag="035" ind1=" " ind2=" ">
      <subfield code="a">(OCoLC)24785154</subfield>
   </datafield>
   <datafield tag="035" ind1=" " ind2=" ">
      <subfield code="a">(EXLNZ-01FALSC_NETWORK)9910618928606561</subfield>
   </datafield>
   <datafield tag="035" ind1=" " ind2=" ">
      <subfield code="a">(01FALSC_FSU)990269911690306576</subfield>
   </datafield>
   <datafield tag="040" ind1=" " ind2=" ">
      <subfield code="a">FDA</subfield>
      <subfield code="c">FDA</subfield>
   </datafield>
   <datafield tag="043" ind1=" " ind2=" ">
      <subfield code="a">spa------</subfield>
   </datafield>
   <datafield tag="090" ind1=" " ind2=" ">
      <subfield code="a">DP204</subfield>
      <subfield code="b">.G84 1811</subfield>
   </datafield>
   <datafield tag="245" ind1="0" ind2="0">
      <subfield code="a">Guia de Cadiz para el año de 1811 :</subfield>
      <subfield code="b">comprehende todas las oficinas respectivas a los Ramos de real
                hacienda de esta provincia maritima, gobierno superior de esta plaza, su estado
                eclesiastico, el militar y el comercial de la misma.</subfield>
   </datafield>
   <datafield tag="260" ind1=" " ind2=" ">
      <subfield code="a">Cadiz :</subfield>
      <subfield code="b">En la Imprenta de D. Josef Niel, Hijo,</subfield>
      <subfield code="c">1811.</subfield>
   </datafield>
   <datafield tag="300" ind1=" " ind2=" ">
      <subfield code="a">120 p. ;</subfield>
      <subfield code="c">14 cm.</subfield>
   </datafield>
   <datafield tag="500" ind1=" " ind2=" ">
      <subfield code="a">Bound with: Guia patriótica de España para el año de 1811.</subfield>
      <subfield code="5">FTaSU</subfield>
   </datafield>
   <datafield tag="500" ind1=" " ind2=" ">
      <subfield code="a">Listings of names of officials in Cadiz, 1811.</subfield>
      <subfield code="5">FTaSU</subfield>
   </datafield>
   <datafield tag="500" ind1=" " ind2=" ">
      <subfield code="a">Bound in brown marbled leather, spine embossed in gold
                decorations.</subfield>
      <subfield code="5">FTaSU</subfield>
   </datafield>
   <datafield tag="651" ind1=" " ind2="0">
      <subfield code="a">Cadiz (Spain : Province)</subfield>
      <subfield code="x">History</subfield>
      <subfield code="y">19th century</subfield>
      <subfield code="x">Sources.</subfield>
   </datafield>
   <datafield tag="651" ind1=" " ind2="0">
      <subfield code="a">Cadiz (Spain)</subfield>
      <subfield code="x">History</subfield>
      <subfield code="y">19th century</subfield>
      <subfield code="x">Sources.</subfield>
   </datafield>
   <datafield tag="651" ind1=" " ind2="0">
      <subfield code="a">Spain</subfield>
      <subfield code="x">Politics and government</subfield>
      <subfield code="y">1808-1814</subfield>
      <subfield code="x">Sources.</subfield>
   </datafield>
   <datafield tag="740" ind1="0" ind2=" ">
      <subfield code="a">Cadiz para el año de 1811.</subfield>
   </datafield>
   <datafield tag="998" ind1=" " ind2=" ">
      <subfield code="a">026991169</subfield>
      <subfield code="9">LOCAL</subfield>
   </datafield>
   <datafield tag="773" ind1="0" ind2=" ">
      <subfield code="t">Guia patriótica de España para el año de 1811</subfield>
      <subfield code="w">990238864160306576</subfield>
      <subfield code="g">no : 31254803017553</subfield>
      <subfield code="9">unrelated</subfield>
      <subfield code="9">local</subfield>
   </datafield>
</record>