
<record>
   <leader>00000nam 2200217K 4500</leader>
   <controlfield tag="001">990275721620306576</controlfield>
   <controlfield tag="008">861016s1815 fr 000|0 fre d</controlfield>
   <datafield tag="035" ind1=" " ind2=" ">
      <subfield code="a">(aleph)027572162UXU01</subfield>
   </datafield>
   <datafield tag="035" ind1=" " ind2=" ">
      <subfield code="a">(OCoLC)14401363</subfield>
   </datafield>
   <datafield tag="035" ind1=" " ind2=" ">
      <subfield code="a">(EXLNZ-01FALSC_NETWORK)9910847717206561</subfield>
   </datafield>
   <datafield tag="035" ind1=" " ind2=" ">
      <subfield code="a">(01FALSC_FSU)990275721620306576</subfield>
   </datafield>
   <datafield tag="040" ind1=" " ind2=" ">
      <subfield code="a">FDA</subfield>
      <subfield code="c">FDA</subfield>
   </datafield>
   <datafield tag="090" ind1=" " ind2=" ">
      <subfield code="a">DC198.N6</subfield>
      <subfield code="b">C45</subfield>
   </datafield>
   <datafield tag="100" ind1="1" ind2=" ">
      <subfield code="a">Charlemont, J. B. E.</subfield>
   </datafield>
   <datafield tag="245" ind1="1" ind2="0">
      <subfield code="a">Vie du maréchal Ney,</subfield>
      <subfield code="b">contenant des détails intéressans sur la guerre d'Espagne et de
                Portugal, et sur la campagne de Moscou, etc., etc.</subfield>
   </datafield>
   <datafield tag="260" ind1=" " ind2=" ">
      <subfield code="a">Paris,</subfield>
      <subfield code="b">Tiger</subfield>
      <subfield code="c">[1815?]</subfield>
   </datafield>
   <datafield tag="300" ind1=" " ind2=" ">
      <subfield code="a">105 p.</subfield>
      <subfield code="b">illus.</subfield>
   </datafield>
   <datafield tag="501" ind1=" " ind2=" ">
      <subfield code="a">Bound with the author's Procès du Maréchal Ney. Paris
                [1815?]</subfield>
      <subfield code="5">FTaSU</subfield>
   </datafield>
   <datafield tag="600" ind1="1" ind2="0">
      <subfield code="a">Ney, Michel,</subfield>
      <subfield code="c">duc d'Elchingen,</subfield>
      <subfield code="d">1769-1815.</subfield>
   </datafield>
   <datafield tag="710" ind1="1" ind2=" ">
      <subfield code="a">France.</subfield>
      <subfield code="b">Chambre des pairs.</subfield>
   </datafield>
   <datafield tag="998" ind1=" " ind2=" ">
      <subfield code="a">027572162</subfield>
      <subfield code="9">LOCAL</subfield>
   </datafield>
   <datafield tag="774" ind1="0" ind2="8">
      <subfield code="t">Procès du Maréchal Ney, faisant suite à sa vie, et contenant les séances du Conseil de Guerre, les débats et l'audition des témoins à la Chambre des Pairs, etc., etc., et des détails intéressans sur la mort du Maréchal.</subfield>
      <subfield code="w">990275723450306576</subfield>
      <subfield code="g">no : 31254026041042</subfield>
      <subfield code="9">unrelated</subfield>
      <subfield code="9">local</subfield>
   </datafield>
</record>