
<record>
   <leader>00817cam 2200217Ia 4500</leader>
   <controlfield tag="001">990275897890306576</controlfield>
   <controlfield tag="005">20230327094411.0</controlfield>
   <controlfield tag="008">830323r18281719nhu 001|0 eng d</controlfield>
   <datafield tag="035" ind1=" " ind2=" ">
      <subfield code="a">(aleph)027589789UXU01</subfield>
   </datafield>
   <datafield tag="035" ind1=" " ind2=" ">
      <subfield code="a">(OCoLC)09338343</subfield>
   </datafield>
   <datafield tag="035" ind1=" " ind2=" ">
      <subfield code="a">(EXLNZ-01FALSC_NETWORK)9910697840906561</subfield>
   </datafield>
   <datafield tag="035" ind1=" " ind2=" ">
      <subfield code="a">(01FALSC_FSU)990275897890306576</subfield>
   </datafield>
   <datafield tag="040" ind1=" " ind2=" ">
      <subfield code="a">SNN</subfield>
      <subfield code="c">SNN</subfield>
   </datafield>
   <datafield tag="090" ind1=" " ind2=" ">
      <subfield code="a">BS1440</subfield>
      <subfield code="b">.W3 1828</subfield>
   </datafield>
   <datafield tag="092" ind1=" " ind2=" ">
      <subfield code="a">223.5</subfield>
      <subfield code="b">W349, 1828</subfield>
   </datafield>
   <datafield tag="100" ind1="1" ind2=" ">
      <subfield code="a">Watts, Isaac,</subfield>
      <subfield code="d">1674-1748.</subfield>
   </datafield>
   <datafield tag="245" ind1="1" ind2="4">
      <subfield code="a">The Psalms of David :</subfield>
      <subfield code="b">imitated in the language of the New Testament and applied to the
                Christian state and worship /</subfield>
      <subfield code="c">by Isaac Watts.</subfield>
   </datafield>
   <datafield tag="260" ind1=" " ind2=" ">
      <subfield code="a">Sandbornton, N.H. :</subfield>
      <subfield code="b">Printed and published by D.V. Moulton ;</subfield>
      <subfield code="a">Boston :</subfield>
      <subfield code="b">Stereotyped by T.H. Carter &amp; Co.,</subfield>
      <subfield code="c">1828.</subfield>
   </datafield>
   <datafield tag="300" ind1=" " ind2=" ">
      <subfield code="a">310 p. ;</subfield>
      <subfield code="c">10 cm.</subfield>
   </datafield>
   <datafield tag="500" ind1=" " ind2=" ">
      <subfield code="a">Includes index.</subfield>
      <subfield code="5">FTaSU</subfield>
   </datafield>
   <datafield tag="590" ind1=" " ind2=" ">
      <subfield code="a">No. 3617 in: Shaw, J.M. Childhood in poetry.</subfield>
      <subfield code="5">FTaSU</subfield>
      <subfield code="9">LOCAL</subfield>
   </datafield>
   <datafield tag="590" ind1=" " ind2=" ">
      <subfield code="a">Bound with the author's: Hymns and spiritual songs. Sandbornton,
                N.H., 1828.</subfield>
      <subfield code="5">FTaSU</subfield>
      <subfield code="9">LOCAL</subfield>
   </datafield>
   <datafield tag="590" ind1=" " ind2=" ">
      <subfield code="a">Library's copy imperfect: P. 289-302 and p. 307-310
                lacking.</subfield>
      <subfield code="5">FTaSU</subfield>
      <subfield code="9">LOCAL</subfield>
   </datafield>
   <datafield tag="650" ind1=" " ind2="0">
      <subfield code="a">Psalters.</subfield>
   </datafield>
   <datafield tag="650" ind1=" " ind2="0">
      <subfield code="a">Miniature books</subfield>
      <subfield code="v">Specimens.</subfield>
   </datafield>
   <datafield tag="630" ind1="0" ind2="0">
      <subfield code="a">Bible.</subfield>
      <subfield code="p">Psalms</subfield>
      <subfield code="v">Paraphrases, English.</subfield>
   </datafield>
   <datafield tag="932" ind1="2" ind2=" ">
      <subfield code="a">John MacKay Shaw Childhood in Poetry Collection (Florida State
                University).</subfield>
      <subfield code="9">LOCAL</subfield>
   </datafield>
   <datafield tag="998" ind1=" " ind2=" ">
      <subfield code="a">027589789</subfield>
      <subfield code="9">LOCAL</subfield>
   </datafield>
   <datafield tag="774" ind1="0" ind2="8">
      <subfield code="t">Hymns and spiritual songs</subfield>
      <subfield code="w">990275898140306576</subfield>
      <subfield code="g">no : 31254029421084</subfield>
      <subfield code="9">unrelated</subfield>
      <subfield code="9">local</subfield>
   </datafield>
</record>