
<record>
   <leader>00716nam 2200205K 4500</leader>
   <controlfield tag="001">990275898510306576</controlfield>
   <controlfield tag="005">20230327094417.0</controlfield>
   <controlfield tag="008">980116s1841 nhu 000|0 eng d</controlfield>
   <datafield tag="035" ind1=" " ind2=" ">
      <subfield code="a">(aleph)027589851UXU01</subfield>
   </datafield>
   <datafield tag="035" ind1=" " ind2=" ">
      <subfield code="a">(OCoLC)38212382</subfield>
   </datafield>
   <datafield tag="035" ind1=" " ind2=" ">
      <subfield code="a">(EXLNZ-01FALSC_NETWORK)9910697859706561</subfield>
   </datafield>
   <datafield tag="035" ind1=" " ind2=" ">
      <subfield code="a">(01FALSC_FSU)990275898510306576</subfield>
   </datafield>
   <datafield tag="040" ind1=" " ind2=" ">
      <subfield code="a">NYP</subfield>
      <subfield code="c">NYP</subfield>
   </datafield>
   <datafield tag="090" ind1=" " ind2=" ">
      <subfield code="a">BS1440</subfield>
      <subfield code="b">.W3 1841</subfield>
   </datafield>
   <datafield tag="100" ind1="1" ind2=" ">
      <subfield code="a">Watts, Isaac,</subfield>
      <subfield code="d">1674-1748.</subfield>
   </datafield>
   <datafield tag="245" ind1="1" ind2="4">
      <subfield code="a">The Psalms of David :</subfield>
      <subfield code="b">imitated in the language of the New Testament and applied to the
                Christian state and worship /</subfield>
      <subfield code="c">by Isaac Watts.</subfield>
   </datafield>
   <datafield tag="260" ind1=" " ind2=" ">
      <subfield code="a">Meredith Bridge, N.H. :</subfield>
      <subfield code="b">Charles Lane,</subfield>
      <subfield code="c">1841.</subfield>
   </datafield>
   <datafield tag="300" ind1=" " ind2=" ">
      <subfield code="a">310 p. ;</subfield>
      <subfield code="c">10 cm.</subfield>
   </datafield>
   <datafield tag="500" ind1=" " ind2=" ">
      <subfield code="a">Includes index.</subfield>
      <subfield code="5">FTaSU</subfield>
   </datafield>
   <datafield tag="590" ind1=" " ind2=" ">
      <subfield code="a">No. S3619 in: Shaw, J.M. Childhood in poetry.</subfield>
      <subfield code="5">FTaSU</subfield>
      <subfield code="9">LOCAL</subfield>
   </datafield>
   <datafield tag="590" ind1=" " ind2=" ">
      <subfield code="a">With: Hymns and spiritual songs / Isaac Watts. Boston : Stereotyped
                by T.H. Carter, &lt;1841?&gt;.--A selection of hymns from various authors. Meredith
                Bridge, N.H. : Charles Lane, 1841.</subfield>
      <subfield code="5">FTaSU</subfield>
      <subfield code="9">LOCAL</subfield>
   </datafield>
   <datafield tag="650" ind1=" " ind2="0">
      <subfield code="a">Psalters.</subfield>
   </datafield>
   <datafield tag="650" ind1=" " ind2="0">
      <subfield code="a">Miniature books</subfield>
      <subfield code="v">Specimens.</subfield>
   </datafield>
   <datafield tag="630" ind1="0" ind2="0">
      <subfield code="a">Bible.</subfield>
      <subfield code="p">Psalms</subfield>
      <subfield code="v">Paraphrases, English.</subfield>
   </datafield>
   <datafield tag="932" ind1="2" ind2=" ">
      <subfield code="a">John MacKay Shaw Childhood in Poetry Collection (Florida State
                University).</subfield>
      <subfield code="9">LOCAL</subfield>
   </datafield>
   <datafield tag="998" ind1=" " ind2=" ">
      <subfield code="a">027589851</subfield>
      <subfield code="9">LOCAL</subfield>
   </datafield>
   <datafield tag="774" ind1="0" ind2="8">
      <subfield code="t">A selection of hymns from various authors with directions for musical expression arranged and adapted to the music of the choir, or, Union collection of church music Hymns and spiritual songs</subfield>
      <subfield code="w">990275898680306576 990278272860306576</subfield>
      <subfield code="g">no : 31254029421316 31254029421316</subfield>
      <subfield code="9">unrelated</subfield>
      <subfield code="9">local</subfield>
   </datafield>
   <datafield tag="773" ind1="0" ind2=" ">
      <subfield code="t"> </subfield>
      <subfield code="w"> </subfield>
      <subfield code="g">no :  </subfield>
      <subfield code="9">unrelated</subfield>
      <subfield code="9">local</subfield>
   </datafield>
</record>