
<record>
   <leader>00000cam 2200253Ia 4500</leader>
   <controlfield tag="001">990275898680306576</controlfield>
   <controlfield tag="008">850605s1841 nhu 000|0 eng d</controlfield>
   <datafield tag="035" ind1=" " ind2=" ">
      <subfield code="a">(aleph)027589868UXU01</subfield>
   </datafield>
   <datafield tag="035" ind1=" " ind2=" ">
      <subfield code="a">(OCoLC)44030069</subfield>
   </datafield>
   <datafield tag="035" ind1=" " ind2=" ">
      <subfield code="a">(EXLNZ-01FALSC_NETWORK)9910697841506561</subfield>
   </datafield>
   <datafield tag="035" ind1=" " ind2=" ">
      <subfield code="a">(01FALSC_FSU)990275898680306576</subfield>
   </datafield>
   <datafield tag="040" ind1=" " ind2=" ">
      <subfield code="a">FDA</subfield>
      <subfield code="c">FDA</subfield>
   </datafield>
   <datafield tag="090" ind1=" " ind2=" ">
      <subfield code="a">BS1440</subfield>
      <subfield code="b">.W3 1841</subfield>
   </datafield>
   <datafield tag="245" ind1="0" ind2="2">
      <subfield code="a">A selection of hymns from various authors with directions for musical
                expression arranged and adapted to the music of the choir, or, Union collection of
                church music /</subfield>
      <subfield code="c">by a teacher of psalmody.</subfield>
   </datafield>
   <datafield tag="246" ind1="3" ind2="0">
      <subfield code="a">Union collection of church music</subfield>
   </datafield>
   <datafield tag="260" ind1=" " ind2=" ">
      <subfield code="a">Meredith Bridge, N.H. :</subfield>
      <subfield code="b">Charles Lane,</subfield>
      <subfield code="c">1841.</subfield>
   </datafield>
   <datafield tag="300" ind1=" " ind2=" ">
      <subfield code="a">192 p. ;</subfield>
      <subfield code="c">10 cm.</subfield>
   </datafield>
   <datafield tag="500" ind1=" " ind2=" ">
      <subfield code="a">Without music.</subfield>
      <subfield code="5">FTaSU</subfield>
   </datafield>
   <datafield tag="500" ind1=" " ind2=" ">
      <subfield code="a">Includes index.</subfield>
      <subfield code="5">FTaSU</subfield>
   </datafield>
   <datafield tag="590" ind1=" " ind2=" ">
      <subfield code="a">No. S3619 in: Shaw, J.M. Childhood in poetry.</subfield>
      <subfield code="5">FTaSU</subfield>
      <subfield code="9">LOCAL</subfield>
   </datafield>
   <datafield tag="590" ind1=" " ind2=" ">
      <subfield code="a">With: The Psalms of David / Isaac Watts. Meredith Bridge, N.H. :
                Charles Lane, 1841.</subfield>
      <subfield code="5">FTaSU</subfield>
      <subfield code="9">LOCAL</subfield>
   </datafield>
   <datafield tag="650" ind1=" " ind2="0">
      <subfield code="a">Hymns, English.</subfield>
   </datafield>
   <datafield tag="650" ind1=" " ind2="0">
      <subfield code="a">Miniature books</subfield>
      <subfield code="v">Specimens.</subfield>
   </datafield>
   <datafield tag="932" ind1="2" ind2=" ">
      <subfield code="a">John MacKay Shaw Childhood in Poetry Collection (Florida State
                University).</subfield>
      <subfield code="9">LOCAL</subfield>
   </datafield>
   <datafield tag="998" ind1=" " ind2=" ">
      <subfield code="a">027589868</subfield>
      <subfield code="9">LOCAL</subfield>
   </datafield>
   <datafield tag="773" ind1="0" ind2=" ">
      <subfield code="t">The Psalms of David</subfield>
      <subfield code="w">990275898510306576</subfield>
      <subfield code="g">no : 31254029421316</subfield>
      <subfield code="9">unrelated</subfield>
      <subfield code="9">local</subfield>
   </datafield>
</record>