
<record>
   <leader>01442cam a22003851i 4500</leader>
   <controlfield tag="001">990275898880306576</controlfield>
   <controlfield tag="005">20230303034333.0</controlfield>
   <controlfield tag="008">870919s1804 stka 000 0 eng d</controlfield>
   <datafield tag="035" ind1=" " ind2=" ">
      <subfield code="a">(OCoLC)16719620</subfield>
   </datafield>
   <datafield tag="035" ind1=" " ind2=" ">
      <subfield code="a">(OCoLC)ocm16719620 </subfield>
   </datafield>
   <datafield tag="035" ind1=" " ind2=" ">
      <subfield code="a">(EXLNZ-01FALSC_NETWORK)9910697887206561</subfield>
   </datafield>
   <datafield tag="035" ind1=" " ind2=" ">
      <subfield code="a">(01FALSC_FSU)990275898880306576</subfield>
   </datafield>
   <datafield tag="040" ind1=" " ind2=" ">
      <subfield code="a">VHB</subfield>
      <subfield code="b">eng</subfield>
      <subfield code="e">rda</subfield>
      <subfield code="c">VHB</subfield>
      <subfield code="d">OCLCQ</subfield>
      <subfield code="d">FDA</subfield>
      <subfield code="d">OCLCO</subfield>
      <subfield code="d">OCLCF</subfield>
      <subfield code="d">FDA</subfield>
   </datafield>
   <datafield tag="049" ind1=" " ind2=" ">
      <subfield code="a">FDAA</subfield>
   </datafield>
   <datafield tag="050" ind1=" " ind2="4">
      <subfield code="a">PR4518</subfield>
      <subfield code="b">.C2</subfield>
   </datafield>
   <datafield tag="082" ind1="0" ind2="4">
      <subfield code="a">811.54</subfield>
   </datafield>
   <datafield tag="100" ind1="1" ind2=" ">
      <subfield code="a">Crichton, Thomas,</subfield>
      <subfield code="e">author.</subfield>
   </datafield>
   <datafield tag="245" ind1="1" ind2="4">
      <subfield code="a">The library :</subfield>
      <subfield code="b">a poem.</subfield>
   </datafield>
   <datafield tag="264" ind1=" " ind2="1">
      <subfield code="a">Paisley :</subfield>
      <subfield code="b">Printed by J. Neilson for R. Smith,</subfield>
      <subfield code="c">1804.</subfield>
   </datafield>
   <datafield tag="300" ind1=" " ind2=" ">
      <subfield code="a">73 pages :</subfield>
      <subfield code="b">illustrations ;</subfield>
      <subfield code="c">15 cm</subfield>
   </datafield>
   <datafield tag="336" ind1=" " ind2=" ">
      <subfield code="a">text</subfield>
      <subfield code="b">txt</subfield>
      <subfield code="2">rdacontent</subfield>
   </datafield>
   <datafield tag="337" ind1=" " ind2=" ">
      <subfield code="a">unmediated</subfield>
      <subfield code="b">n</subfield>
      <subfield code="2">rdamedia</subfield>
   </datafield>
   <datafield tag="338" ind1=" " ind2=" ">
      <subfield code="a">volume</subfield>
      <subfield code="b">nc</subfield>
      <subfield code="2">rdacarrier</subfield>
   </datafield>
   <datafield tag="500" ind1=" " ind2=" ">
      <subfield code="a">Illustrated title page.</subfield>
   </datafield>
   <datafield tag="500" ind1=" " ind2=" ">
      <subfield code="a">Authorship attributed to Thomas Crichton. Cf. NUC Pre-1956 imprints
                (on microfiche), fiche numbers 1853.</subfield>
   </datafield>
   <datafield tag="590" ind1=" " ind2=" ">
      <subfield code="a">With: Poems chiefly in the Scottish dialect / Robert Davidson. Kelso
                : Alexander Leadbetter, 1812.--The waddin' day / John Robertson. Edinburgh : Printed
                for the author by R. Menzies, 1824.--A new collection of poems on various subjects /
                James Barrie. Kelso : Alexander Leadbetter, 1824.</subfield>
      <subfield code="9">local</subfield>
   </datafield>
   <datafield tag="650" ind1=" " ind2="0">
      <subfield code="a">Poetry.</subfield>
   </datafield>
   <datafield tag="650" ind1=" " ind2="2">
      <subfield code="a">Poetry as Topic</subfield>
      <subfield code="0">(DNLM)D011037</subfield>
   </datafield>
   <datafield tag="650" ind1=" " ind2="6">
      <subfield code="a">Poésie.</subfield>
      <subfield code="0">(CaQQLa)201-0058051</subfield>
   </datafield>
   <datafield tag="650" ind1=" " ind2="7">
      <subfield code="a">poetry.</subfield>
      <subfield code="2">aat</subfield>
      <subfield code="0">(CStmoGRI)aat300055931</subfield>
   </datafield>
   <datafield tag="650" ind1=" " ind2="7">
      <subfield code="a">Poetry.</subfield>
      <subfield code="2">fast</subfield>
      <subfield code="0">(OCoLC)fst01067691</subfield>
   </datafield>
   <datafield tag="655" ind1=" " ind2="2">
      <subfield code="a">Poetry</subfield>
      <subfield code="0">(DNLM)D055821</subfield>
   </datafield>
   <datafield tag="655" ind1=" " ind2="7">
      <subfield code="a">poetry.</subfield>
      <subfield code="2">aat</subfield>
      <subfield code="0">(CStmoGRI)aatgf300055931</subfield>
   </datafield>
   <datafield tag="655" ind1=" " ind2="7">
      <subfield code="a">Poetry.</subfield>
      <subfield code="2">fast</subfield>
      <subfield code="0">(OCoLC)fst01423828</subfield>
   </datafield>
   <datafield tag="655" ind1=" " ind2="7">
      <subfield code="a">Poetry.</subfield>
      <subfield code="2">lcgft</subfield>
   </datafield>
   <datafield tag="655" ind1=" " ind2="7">
      <subfield code="a">Poésie.</subfield>
      <subfield code="2">rvmgf</subfield>
      <subfield code="0">(CaQQLa)RVMGF-000000476</subfield>
   </datafield>
   <datafield tag="776" ind1="0" ind2="8">
      <subfield code="i">Online version:</subfield>
      <subfield code="a">Crichton, Thomas,</subfield>
      <subfield code="t">Library</subfield>
      <subfield code="w">(OCoLC)1371112786</subfield>
   </datafield>
   <datafield tag="856" ind1="4" ind2="1">
      <subfield code="3">DigiNole</subfield>
      <subfield code="u">https://purl.lib.fsu.edu/diginole/FSU_PR4518C2L531804</subfield>
      <subfield code="y">Connect to online content:</subfield>
   </datafield>
   <datafield tag="932" ind1="2" ind2=" ">
      <subfield code="a">John MacKay Shaw Childhood in Poetry Collection (Florida State
                University).</subfield>
      <subfield code="9">LOCAL</subfield>
   </datafield>
   <datafield tag="998" ind1=" " ind2=" ">
      <subfield code="a">027589888</subfield>
      <subfield code="9">local</subfield>
   </datafield>
   <datafield tag="774" ind1="0" ind2="8">
      <subfield code="t">Poems, chiefly in the Scottish dialect The waddin' day A new collection of poems on various subjects</subfield>
      <subfield code="w">990278393190306576 990278397780306576 990278398010306576</subfield>
      <subfield code="g">no : 31254019917869 31254019917869 31254019917869</subfield>
      <subfield code="9">unrelated</subfield>
      <subfield code="9">local</subfield>
   </datafield>
   <datafield tag="773" ind1="0" ind2=" ">
      <subfield code="t">  </subfield>
      <subfield code="w">  </subfield>
      <subfield code="g">no :   </subfield>
      <subfield code="9">unrelated</subfield>
      <subfield code="9">local</subfield>
   </datafield>
</record>