
<record>
   <leader>00908cam 2200241Ia 4500</leader>
   <controlfield tag="001">990275899100306576</controlfield>
   <controlfield tag="005">20230327094408.0</controlfield>
   <controlfield tag="008">920710s1824 nhu 000|0 eng d</controlfield>
   <datafield tag="019" ind1=" " ind2=" ">
      <subfield code="a">26168640</subfield>
   </datafield>
   <datafield tag="035" ind1=" " ind2=" ">
      <subfield code="a">(aleph)027589910UXU01</subfield>
   </datafield>
   <datafield tag="035" ind1=" " ind2=" ">
      <subfield code="a">(OCoLC)191251167</subfield>
   </datafield>
   <datafield tag="035" ind1=" " ind2=" ">
      <subfield code="a">(EXLNZ-01FALSC_NETWORK)9910697888006561</subfield>
   </datafield>
   <datafield tag="035" ind1=" " ind2=" ">
      <subfield code="a">(01FALSC_FSU)990275899100306576</subfield>
   </datafield>
   <datafield tag="040" ind1=" " ind2=" ">
      <subfield code="a">TDL</subfield>
      <subfield code="c">TDL</subfield>
   </datafield>
   <datafield tag="090" ind1=" " ind2=" ">
      <subfield code="a">BS1440</subfield>
      <subfield code="b">.W3 1824</subfield>
   </datafield>
   <datafield tag="092" ind1=" " ind2=" ">
      <subfield code="a">245.081</subfield>
      <subfield code="b">W34p, 1824</subfield>
   </datafield>
   <datafield tag="100" ind1="1" ind2=" ">
      <subfield code="a">Watts, Isaac,</subfield>
      <subfield code="d">1674-1748.</subfield>
   </datafield>
   <datafield tag="245" ind1="1" ind2="4">
      <subfield code="a">The Psalms of David :</subfield>
      <subfield code="b">imitated in the language of the New Testament and applied to the
                Christian state and worship /</subfield>
      <subfield code="c">by Isaac Watts.</subfield>
   </datafield>
   <datafield tag="260" ind1=" " ind2=" ">
      <subfield code="a">Exeter, N.H. :</subfield>
      <subfield code="b">Printed and published by Gerrish &amp; Tyler,</subfield>
      <subfield code="c">1824.</subfield>
   </datafield>
   <datafield tag="300" ind1=" " ind2=" ">
      <subfield code="a">322 p. ;</subfield>
      <subfield code="c">10 cm.</subfield>
   </datafield>
   <datafield tag="500" ind1=" " ind2=" ">
      <subfield code="a">Includes index.</subfield>
      <subfield code="5">FTaSU</subfield>
   </datafield>
   <datafield tag="501" ind1=" " ind2=" ">
      <subfield code="a">With: Hymns and spiritual songs / by Isaac Watts. Exeter, N.H. :
                Gerrish &amp; Tyler, 1824.</subfield>
      <subfield code="5">FTaSU</subfield>
   </datafield>
   <datafield tag="590" ind1=" " ind2=" ">
      <subfield code="a">Nos. S3610 and S3611 in: Shaw, J.M. Childhood in poetry.</subfield>
      <subfield code="5">FTaSU</subfield>
      <subfield code="9">LOCAL</subfield>
   </datafield>
   <datafield tag="650" ind1=" " ind2="0">
      <subfield code="a">Psalters.</subfield>
   </datafield>
   <datafield tag="650" ind1=" " ind2="0">
      <subfield code="a">Miniature books</subfield>
      <subfield code="v">Specimens.</subfield>
   </datafield>
   <datafield tag="630" ind1="0" ind2="0">
      <subfield code="a">Bible.</subfield>
      <subfield code="p">Psalms</subfield>
      <subfield code="x">Paraphrases, English.</subfield>
   </datafield>
   <datafield tag="932" ind1="2" ind2=" ">
      <subfield code="a">John MacKay Shaw Childhood in Poetry Collection (Florida State
                University).</subfield>
      <subfield code="9">LOCAL</subfield>
   </datafield>
   <datafield tag="998" ind1=" " ind2=" ">
      <subfield code="a">027589910</subfield>
      <subfield code="9">LOCAL</subfield>
   </datafield>
   <datafield tag="774" ind1="0" ind2="8">
      <subfield code="t">Hymns and spiritual songs</subfield>
      <subfield code="w">990275899360306576</subfield>
      <subfield code="g">no : 31254029421167</subfield>
      <subfield code="9">unrelated</subfield>
      <subfield code="9">local</subfield>
   </datafield>
</record>