
<record>
   <leader>00000nam 2200289L 4500</leader>
   <controlfield tag="001">990275899360306576</controlfield>
   <controlfield tag="008">850628s1824 nhu 000|0 eng d</controlfield>
   <datafield tag="019" ind1=" " ind2=" ">
      <subfield code="a">32182149</subfield>
   </datafield>
   <datafield tag="035" ind1=" " ind2=" ">
      <subfield code="a">(aleph)027589936UXU01</subfield>
   </datafield>
   <datafield tag="035" ind1=" " ind2=" ">
      <subfield code="a">(OCoLC)13626401</subfield>
   </datafield>
   <datafield tag="035" ind1=" " ind2=" ">
      <subfield code="a">(EXLNZ-01FALSC_NETWORK)9910697843006561</subfield>
   </datafield>
   <datafield tag="035" ind1=" " ind2=" ">
      <subfield code="a">(01FALSC_FSU)990275899360306576</subfield>
   </datafield>
   <datafield tag="040" ind1=" " ind2=" ">
      <subfield code="a">DRB</subfield>
      <subfield code="c">DRB</subfield>
   </datafield>
   <datafield tag="090" ind1=" " ind2=" ">
      <subfield code="a">BS1440</subfield>
      <subfield code="b">.W3 1824</subfield>
   </datafield>
   <datafield tag="100" ind1="1" ind2=" ">
      <subfield code="a">Watts, Isaac,</subfield>
      <subfield code="d">1674-1748.</subfield>
   </datafield>
   <datafield tag="245" ind1="1" ind2="0">
      <subfield code="a">Hymns and spiritual songs :</subfield>
      <subfield code="b">in three books ... /</subfield>
      <subfield code="c">by Isaac Watts.</subfield>
   </datafield>
   <datafield tag="260" ind1=" " ind2=" ">
      <subfield code="a">Exeter, N.H. :</subfield>
      <subfield code="b">Printed and published by Gerrish &amp; Tyler,</subfield>
      <subfield code="c">1824.</subfield>
   </datafield>
   <datafield tag="300" ind1=" " ind2=" ">
      <subfield code="a">282 p. ;</subfield>
      <subfield code="c">10 cm.</subfield>
   </datafield>
   <datafield tag="500" ind1=" " ind2=" ">
      <subfield code="a">Without music.</subfield>
      <subfield code="5">FTaSU</subfield>
   </datafield>
   <datafield tag="500" ind1=" " ind2=" ">
      <subfield code="a">Includes index.</subfield>
      <subfield code="5">FTaSU</subfield>
   </datafield>
   <datafield tag="505" ind1="0" ind2=" ">
      <subfield code="a">I. Collected from the scriptures.--II. Composed on divine
                subjects.--III. Prepared for the Lord's Supper.</subfield>
      <subfield code="5">FTaSU</subfield>
   </datafield>
   <datafield tag="501" ind1=" " ind2=" ">
      <subfield code="a">With: The Psalms of David / by Isaac Watts. Exeter, N.H. : Gerrish
                &amp; Tyler, 1824.</subfield>
      <subfield code="5">FTaSU</subfield>
   </datafield>
   <datafield tag="590" ind1=" " ind2=" ">
      <subfield code="a">Nos. S3610 and S3611 in: Shaw, J.M. Childhood in poetry.</subfield>
      <subfield code="5">FTaSU</subfield>
      <subfield code="9">LOCAL</subfield>
   </datafield>
   <datafield tag="650" ind1=" " ind2="0">
      <subfield code="a">Hymns, English.</subfield>
   </datafield>
   <datafield tag="650" ind1=" " ind2="0">
      <subfield code="a">Miniature books</subfield>
      <subfield code="v">Specimens.</subfield>
   </datafield>
   <datafield tag="932" ind1="2" ind2=" ">
      <subfield code="a">John MacKay Shaw Childhood in Poetry Collection (Florida State
                University).</subfield>
      <subfield code="9">LOCAL</subfield>
   </datafield>
   <datafield tag="998" ind1=" " ind2=" ">
      <subfield code="a">027589936</subfield>
      <subfield code="9">LOCAL</subfield>
   </datafield>
   <datafield tag="773" ind1="0" ind2=" ">
      <subfield code="t">The Psalms of David</subfield>
      <subfield code="w">990275899100306576</subfield>
      <subfield code="g">no : 31254029421167</subfield>
      <subfield code="9">unrelated</subfield>
      <subfield code="9">local</subfield>
   </datafield>
</record>