
<record>
   <leader>00000nam 2200217Ia 4500</leader>
   <controlfield tag="001">990278398010306576</controlfield>
   <controlfield tag="008">000504s1824 stk 000|p eng d</controlfield>
   <datafield tag="035" ind1=" " ind2=" ">
      <subfield code="a">(aleph)027839801UXU01</subfield>
   </datafield>
   <datafield tag="035" ind1=" " ind2=" ">
      <subfield code="a">(OCoLC)44030217</subfield>
   </datafield>
   <datafield tag="035" ind1=" " ind2=" ">
      <subfield code="a">(EXLNZ-01FALSC_NETWORK)9910925763906561</subfield>
   </datafield>
   <datafield tag="035" ind1=" " ind2=" ">
      <subfield code="a">(01FALSC_FSU)990278398010306576</subfield>
   </datafield>
   <datafield tag="040" ind1=" " ind2=" ">
      <subfield code="a">FDA</subfield>
      <subfield code="c">FDA</subfield>
   </datafield>
   <datafield tag="090" ind1=" " ind2=" ">
      <subfield code="a">PR4518.C2</subfield>
      <subfield code="b">L53 1804</subfield>
   </datafield>
   <datafield tag="100" ind1="1" ind2=" ">
      <subfield code="a">Barrie, James,</subfield>
      <subfield code="d">b. 1753.</subfield>
   </datafield>
   <datafield tag="245" ind1="1" ind2="2">
      <subfield code="a">A new collection of poems on various subjects /</subfield>
      <subfield code="c">by James Barrie.</subfield>
   </datafield>
   <datafield tag="246" ind1="1" ind2=" ">
      <subfield code="i">Binder's title:</subfield>
      <subfield code="a">Scotish poetical tracts</subfield>
   </datafield>
   <datafield tag="260" ind1=" " ind2=" ">
      <subfield code="a">Kelso :</subfield>
      <subfield code="b">Printed by Alex. Leadbetter for the author,</subfield>
      <subfield code="c">1824.</subfield>
   </datafield>
   <datafield tag="300" ind1=" " ind2=" ">
      <subfield code="a">124 p. :</subfield>
      <subfield code="b">ill. ;</subfield>
      <subfield code="c">15 cm.</subfield>
   </datafield>
   <datafield tag="590" ind1=" " ind2=" ">
      <subfield code="a">With: The library / &lt;Thomas Crichton&gt;. Paisley : Printed by J.
                Neilson for R. Smith, 1804.</subfield>
      <subfield code="5">FTaSU</subfield>
      <subfield code="9">LOCAL</subfield>
   </datafield>
   <datafield tag="600" ind1="1" ind2="0">
      <subfield code="a">Wallace, William,</subfield>
      <subfield code="c">Sir,</subfield>
      <subfield code="d">-1305</subfield>
      <subfield code="v">Poetry.</subfield>
   </datafield>
   <datafield tag="932" ind1="2" ind2=" ">
      <subfield code="a">John MacKay Shaw Childhood in Poetry Collection (Florida State
                University).</subfield>
      <subfield code="9">LOCAL</subfield>
   </datafield>
   <datafield tag="998" ind1=" " ind2=" ">
      <subfield code="a">027839801</subfield>
      <subfield code="9">LOCAL</subfield>
   </datafield>
   <datafield tag="773" ind1="0" ind2=" ">
      <subfield code="t">The library</subfield>
      <subfield code="w">990275898880306576</subfield>
      <subfield code="g">no : 31254019917869</subfield>
      <subfield code="9">unrelated</subfield>
      <subfield code="9">local</subfield>
   </datafield>
</record>