
<record>
   <leader> nam 2200181Ia 4500</leader>
   <controlfield tag="001">990278581600306576</controlfield>
   <controlfield tag="005">20060808104117.0</controlfield>
   <controlfield tag="008">060807s1663 it a 000 h ita d</controlfield>
   <datafield tag="035" ind1=" " ind2=" ">
      <subfield code="a">(aleph)027858160UXU01</subfield>
   </datafield>
   <datafield tag="035" ind1=" " ind2=" ">
      <subfield code="a">(OCoLC)70845928</subfield>
   </datafield>
   <datafield tag="035" ind1=" " ind2=" ">
      <subfield code="a">(EXLNZ-01FALSC_NETWORK)9910691929606561</subfield>
   </datafield>
   <datafield tag="035" ind1=" " ind2=" ">
      <subfield code="a">(01FALSC_FSU)990278581600306576</subfield>
   </datafield>
   <datafield tag="040" ind1=" " ind2=" ">
      <subfield code="a">FDA</subfield>
      <subfield code="c">FDA</subfield>
   </datafield>
   <datafield tag="090" ind1=" " ind2=" ">
      <subfield code="a">PQ4621.C8</subfield>
      <subfield code="b">A6 1661</subfield>
   </datafield>
   <datafield tag="100" ind1="1" ind2=" ">
      <subfield code="a">Croce, Giulio Cesare,</subfield>
      <subfield code="d">1550-1609.</subfield>
   </datafield>
   <datafield tag="245" ind1="1" ind2="3">
      <subfield code="a">Le piacevoli e ridicolose semplicità di Bertoldino figliuolo del già
                astuto &amp; accorto Bertoldo, con le sottili &amp; argute sentenze della Marcolfa
                sua madre e moglie del già detto Bertoldo :</subfield>
      <subfield code="b">opera tanto piena di moralità quanto di spasso /</subfield>
      <subfield code="c">di Giulio Cesare Croce.</subfield>
   </datafield>
   <datafield tag="246" ind1="3" ind2="0">
      <subfield code="a">Bertoldino</subfield>
   </datafield>
   <datafield tag="260" ind1=" " ind2=" ">
      <subfield code="a">In Roma :</subfield>
      <subfield code="b">Per il Mascardi,</subfield>
      <subfield code="c">1663.</subfield>
   </datafield>
   <datafield tag="300" ind1=" " ind2=" ">
      <subfield code="a">96 p. :</subfield>
      <subfield code="b">ill. ;</subfield>
      <subfield code="c">13 cm.</subfield>
   </datafield>
   <datafield tag="590" ind1=" " ind2=" ">
      <subfield code="a">With: Astutie sottilissime di Bertoldo / [G.C. Croce]. In Roma : Per
                l'herede del Mancini, 1661.</subfield>
      <subfield code="5">FTaSU</subfield>
      <subfield code="9">LOCAL</subfield>
   </datafield>
   <datafield tag="998" ind1=" " ind2=" ">
      <subfield code="a">027858160</subfield>
      <subfield code="9">LOCAL</subfield>
   </datafield>
   <datafield tag="773" ind1="0" ind2=" ">
      <subfield code="t">Astvtie sottilissime di Bertoldo.</subfield>
      <subfield code="w">990222228530306576</subfield>
      <subfield code="g">no : 31254040035673</subfield>
      <subfield code="9">unrelated</subfield>
      <subfield code="9">local</subfield>
   </datafield>
</record>