
<record>
   <leader>00000nam 22002771 4500</leader>
   <controlfield tag="001">990280413270306576</controlfield>
   <controlfield tag="005">20110915073954.0</controlfield>
   <controlfield tag="008">820128s1809 xx a 000|0 fre d</controlfield>
   <datafield tag="035" ind1=" " ind2=" ">
      <subfield code="a">(aleph)028041327UXU01</subfield>
   </datafield>
   <datafield tag="035" ind1=" " ind2=" ">
      <subfield code="a">(OCoLC)14839892</subfield>
   </datafield>
   <datafield tag="035" ind1=" " ind2=" ">
      <subfield code="a">(EXLNZ-01FALSC_NETWORK)9910868628906561</subfield>
   </datafield>
   <datafield tag="035" ind1=" " ind2=" ">
      <subfield code="a">(01FALSC_FSU)990280413270306576</subfield>
   </datafield>
   <datafield tag="040" ind1=" " ind2=" ">
      <subfield code="a">NLM</subfield>
      <subfield code="c">NLM</subfield>
      <subfield code="d">m.c.</subfield>
      <subfield code="d">FDA</subfield>
   </datafield>
   <datafield tag="060" ind1="0" ind2=" ">
      <subfield code="a">WZ 290</subfield>
      <subfield code="b">L397L 1809</subfield>
   </datafield>
   <datafield tag="090" ind1=" " ind2=" ">
      <subfield code="a">BF842</subfield>
      <subfield code="b">.L38 1809</subfield>
   </datafield>
   <datafield tag="100" ind1="1" ind2=" ">
      <subfield code="a">Lavater, Johann Caspar,</subfield>
      <subfield code="d">1741-1801.</subfield>
   </datafield>
   <datafield tag="245" ind1="1" ind2="3">
      <subfield code="a">Le Lavater des dames; ou, L'art de connoître les femmes sur leur
                physionomie.</subfield>
   </datafield>
   <datafield tag="250" ind1=" " ind2=" ">
      <subfield code="a">2. éd.</subfield>
   </datafield>
   <datafield tag="260" ind1=" " ind2=" ">
      <subfield code="a">Paris,</subfield>
      <subfield code="b">Hocquart,</subfield>
      <subfield code="c">1809.</subfield>
   </datafield>
   <datafield tag="300" ind1=" " ind2=" ">
      <subfield code="a">58 p.</subfield>
      <subfield code="b">ill.</subfield>
      <subfield code="c">13 cm.</subfield>
   </datafield>
   <datafield tag="501" ind1=" " ind2=" ">
      <subfield code="a">With: Le Lavater portatif. Paris : Hocquart, 1809.</subfield>
      <subfield code="5">FTaSU</subfield>
   </datafield>
   <datafield tag="650" ind1=" " ind2="0">
      <subfield code="a">Physiognomy.</subfield>
   </datafield>
   <datafield tag="650" ind1=" " ind2="0">
      <subfield code="a">Women</subfield>
      <subfield code="x">Portraits.</subfield>
   </datafield>
   <datafield tag="740" ind1="3" ind2="1">
      <subfield code="a">Le Lavater portatif.</subfield>
   </datafield>
   <datafield tag="998" ind1=" " ind2=" ">
      <subfield code="a">028041327</subfield>
      <subfield code="9">LOCAL</subfield>
   </datafield>
   <datafield tag="774" ind1="0" ind2="8">
      <subfield code="t">Le Lavater portatif, ou, précis de l'art de connoître les hommes par les traits du visage</subfield>
      <subfield code="w">990289114780306576</subfield>
      <subfield code="g">no : 31254011512346</subfield>
      <subfield code="9">unrelated</subfield>
      <subfield code="9">local</subfield>
   </datafield>
</record>