
<record>
   <leader>00000nam 2200229 a 4500</leader>
   <controlfield tag="001">990289114780306576</controlfield>
   <controlfield tag="005">20110915074052.0</controlfield>
   <controlfield tag="008">930527s1809 fr 000|0 fre d</controlfield>
   <datafield tag="035" ind1=" " ind2=" ">
      <subfield code="a">(aleph)028911478UXU01</subfield>
   </datafield>
   <datafield tag="035" ind1=" " ind2=" ">
      <subfield code="a">(OCoLC)28231700</subfield>
   </datafield>
   <datafield tag="035" ind1=" " ind2=" ">
      <subfield code="a">(EXLNZ-01FALSC_NETWORK)9910783978306561</subfield>
   </datafield>
   <datafield tag="035" ind1=" " ind2=" ">
      <subfield code="a">(01FALSC_FSU)990289114780306576</subfield>
   </datafield>
   <datafield tag="040" ind1=" " ind2=" ">
      <subfield code="a">FDA</subfield>
      <subfield code="c">FDA</subfield>
   </datafield>
   <datafield tag="090" ind1=" " ind2=" ">
      <subfield code="a">BF842</subfield>
      <subfield code="b">.L38 1809</subfield>
   </datafield>
   <datafield tag="100" ind1="1" ind2=" ">
      <subfield code="a">Lavater, Johann Caspar,</subfield>
      <subfield code="d">1741-1801.</subfield>
   </datafield>
   <datafield tag="245" ind1="1" ind2="3">
      <subfield code="a">Le Lavater portatif, ou, précis de l'art de connoître les hommes par
                les traits du visage : avec trente-trois planches coloriées.</subfield>
   </datafield>
   <datafield tag="250" ind1=" " ind2=" ">
      <subfield code="a">3e éd.</subfield>
   </datafield>
   <datafield tag="260" ind1=" " ind2=" ">
      <subfield code="a">Paris :</subfield>
      <subfield code="b">Chez Madame Veuve Hocquart,</subfield>
      <subfield code="c">1809.</subfield>
   </datafield>
   <datafield tag="300" ind1=" " ind2=" ">
      <subfield code="a">47 p., 32 [i.e. 33] leaves of plates :</subfield>
      <subfield code="b">col. ill. ;</subfield>
      <subfield code="c">13 cm.</subfield>
   </datafield>
   <datafield tag="501" ind1=" " ind2=" ">
      <subfield code="a">With: Le Lavater des dames. Paris, Hocquart, 1809.</subfield>
      <subfield code="5">FTaSU</subfield>
   </datafield>
   <datafield tag="650" ind1=" " ind2="0">
      <subfield code="a">Physiognomy.</subfield>
   </datafield>
   <datafield tag="740" ind1="3" ind2="1">
      <subfield code="a">Le Lavater des dames.</subfield>
   </datafield>
   <datafield tag="998" ind1=" " ind2=" ">
      <subfield code="a">028911478</subfield>
      <subfield code="9">LOCAL</subfield>
   </datafield>
   <datafield tag="773" ind1="0" ind2=" ">
      <subfield code="t">Le Lavater des dames; ou, L'art de connoître les femmes sur leur physionomie.</subfield>
      <subfield code="w">990280413270306576</subfield>
      <subfield code="g">no : 31254011512346</subfield>
      <subfield code="9">unrelated</subfield>
      <subfield code="9">local</subfield>
   </datafield>
</record>
